<?xml version="1.0" encoding="UTF-8"?><collection xmlns="http://www.loc.gov/MARC21/slim"><record><leader>00327nam--2200145-i-4500</leader><controlfield tag="001">000008607</controlfield><controlfield tag="002">20161230</controlfield><controlfield tag="005">20161230201027</controlfield><controlfield tag="008">060222s1000------------r-----000-0-eng-d</controlfield><datafield ind1=" " ind2=" " tag="080"><subfield code="a">535.13</subfield></datafield><datafield ind1=" " ind2=" " tag="100"><subfield code="a">Alm. K. G.S.A</subfield></datafield><datafield ind1=" " ind2=" " tag="245"><subfield code="a">Holografi</subfield></datafield><datafield ind1=" " ind2=" " tag="260"><subfield code="a">Uppsala, Institute Of Physics, 1968 31 P</subfield></datafield><datafield ind1=" " ind2=" " tag="490"><subfield code="a">607</subfield></datafield><datafield ind1=" " ind2=" " tag="852"><subfield code="a">29491</subfield></datafield></record></collection>